<?xml version="1.0" encoding="UTF-8"?><record xmlns="http://www.loc.gov/MARC21/slim" xmlns:cinclude="http://apache.org/cocoon/include/1.0" xmlns:zs="http://www.loc.gov/zing/srw/">
  <leader>00838cz  a2200193n  4500</leader>
  <controlfield tag="001">n  78065723 </controlfield>
  <controlfield tag="003">DLC</controlfield>
  <controlfield tag="005">20120810080239.0</controlfield>
  <controlfield tag="008">780912n| aaannaabn          |b ana      </controlfield>
  <datafield tag="010" ind1=" " ind2=" ">
    <subfield code="a">n  78065723 </subfield>
  </datafield>
  <datafield tag="035" ind1=" " ind2=" ">
    <subfield code="a">(OCoLC)oca00201288</subfield>
  </datafield>
  <datafield tag="040" ind1=" " ind2=" ">
    <subfield code="a">DLC</subfield>
    <subfield code="b">eng</subfield>
    <subfield code="c">DLC</subfield>
    <subfield code="d">OCoLC</subfield>
    <subfield code="d">DLC</subfield>
  </datafield>
  <datafield tag="151" ind1=" " ind2=" ">
    <subfield code="a">Ceh-Pech</subfield>
  </datafield>
  <datafield tag="451" ind1=" " ind2=" ">
    <subfield code="a">Cacicazgo de Ceh-Pech</subfield>
  </datafield>
  <datafield tag="451" ind1=" " ind2=" ">
    <subfield code="a">Provincia de Ceh-Pech</subfield>
  </datafield>
  <datafield tag="667" ind1=" " ind2=" ">
    <subfield code="a">THIS 1XX FIELD CANNOT BE USED UNDER RDA UNTIL THIS RECORD HAS BEEN REVIEWED AND/OR UPDATED</subfield>
  </datafield>
  <datafield tag="670" ind1=" " ind2=" ">
    <subfield code="a">Sánchez Novelo, F.M. Notas sobre el Cacicazgo ... 1978 (subj.)</subfield>
    <subfield code="b">t.p. (Cacicazgo de Ceh-Pech) p. 13 (Provincia de Ceh-Pech, one of the cacicazgos in which the Yucatan Peninsula was divided in pre-Hispanic times)</subfield>
  </datafield>
  <datafield tag="670" ind1=" " ind2=" ">
    <subfield code="a">Encic. de México, 1967</subfield>
    <subfield code="b">(Ceh-Pech, pre-Hispanic Mayan cacicazgo with the capital in Motul)</subfield>
  </datafield>
  <datafield tag="675" ind1=" " ind2=" ">
    <subfield code="a">Dicc. Porrúa, 1971</subfield>
  </datafield>
</record>